%% This BibTeX bibliography file was created using BibDesk.
%% http://bibdesk.sourceforge.net/


%% Created for Mark Sherman at 2016-11-04 11:54:32 -0400 


%% Saved with string encoding Unicode (UTF-8) 



@book{sch-1980,
	Address = {Cambridge, MA},
	Author = {Shneiderman, B.},
	Date-Added = {2016-11-04 00:30:52 +0000},
	Date-Modified = {2016-11-04 00:39:52 +0000},
	Publisher = {Winthrop},
	Title = {Software Psychology: Human Factors in Computer and Information Systems},
	Year = {1980}}

@article{atman-2003,
	Author = {Robin S. Adams and Jennifer Turns and Cynthia J. Atman},
	Date-Added = {2016-11-04 00:02:53 +0000},
	Date-Modified = {2016-11-04 00:02:53 +0000},
	Journal = {Design Studies},
	Pages = {275-294},
	Title = {Educating effective engineering designers: the role of reflective practice},
	Volume = {24},
	Year = {2003},
	Bdsk-File-1 = {YnBsaXN0MDDUAQIDBAUGJCVYJHZlcnNpb25YJG9iamVjdHNZJGFyY2hpdmVyVCR0b3ASAAGGoKgHCBMUFRYaIVUkbnVsbNMJCgsMDxJXTlMua2V5c1pOUy5vYmplY3RzViRjbGFzc6INDoACgAOiEBGABIAFgAdccmVsYXRpdmVQYXRoWWFsaWFzRGF0YV8Qci4uLy4uL2ZyZWQvcGFwZXJzL0VkdWNhdGluZyBlZmZlY3RpdmUgZW5naW5lZXJpbmcgZGVzaWduZXJzIC0gdGhlIHJvbGUgb2YgcmVmbGVjdGl2ZSBwcmFjdGljZSBBZGFtcyBBdG1hbiAyMDAzLnBkZtIXCxgZV05TLmRhdGFPEQKYAAAAAAKYAAIAAAxNYWNpbnRvc2ggSEQAAAAAAAAAAAAAAAAAAADGvUOMSCsAAAAJUdofRWR1Y2F0aW5nIGVmZmVjdGl2ZSBlIzk1MUZELnBkZgAAAAAAAAAAAAAAAAAAAAAAAAAAAAAAAAAAAAAAAAAAAAlR/ccnJvYAAAAAAAAAAAACAAMAAAkgAAAAAAAAAAAAAAAAAAAABnBhcGVycwAQAAgAAMa9e8wAAAARAAgAAMcnbUYAAAABABQACVHaAAlRoQAJQLwACS80AACRnwACAEtNYWNpbnRvc2ggSEQ6VXNlcnM6bWFyazpjbGFzc2VzOmZyZWQ6cGFwZXJzOkVkdWNhdGluZyBlZmZlY3RpdmUgZSM5NTFGRC5wZGYAAA4AwgBgAEUAZAB1AGMAYQB0AGkAbgBnACAAZQBmAGYAZQBjAHQAaQB2AGUAIABlAG4AZwBpAG4AZQBlAHIAaQBuAGcAIABkAGUAcwBpAGcAbgBlAHIAcwAgAC0AIAB0AGgAZQAgAHIAbwBsAGUAIABvAGYAIAByAGUAZgBsAGUAYwB0AGkAdgBlACAAcAByAGEAYwB0AGkAYwBlACAAQQBkAGEAbQBzACAAQQB0AG0AYQBuACAAMgAwADAAMwAuAHAAZABmAA8AGgAMAE0AYQBjAGkAbgB0AG8AcwBoACAASABEABIAf1VzZXJzL21hcmsvY2xhc3Nlcy9mcmVkL3BhcGVycy9FZHVjYXRpbmcgZWZmZWN0aXZlIGVuZ2luZWVyaW5nIGRlc2lnbmVycyAtIHRoZSByb2xlIG9mIHJlZmxlY3RpdmUgcHJhY3RpY2UgQWRhbXMgQXRtYW4gMjAwMy5wZGYAABMAAS8AABUAAgAL//8AAIAG0hscHR5aJGNsYXNzbmFtZVgkY2xhc3Nlc11OU011dGFibGVEYXRhox0fIFZOU0RhdGFYTlNPYmplY3TSGxwiI1xOU0RpY3Rpb25hcnmiIiBfEA9OU0tleWVkQXJjaGl2ZXLRJidUcm9vdIABAAgAEQAaACMALQAyADcAQABGAE0AVQBgAGcAagBsAG4AcQBzAHUAdwCEAI4BAwEIARADrAOuA7MDvgPHA9UD2QPgA+kD7gP7A/4EEAQTBBgAAAAAAAACAQAAAAAAAAAoAAAAAAAAAAAAAAAAAAAEGg==}}

@inproceedings{roast-2000,
	Author = {Roast, CR and Khazaei, B and Siddiqi, JI},
	Booktitle = {Proceedings of the 2000 IEEE International Symposium on Visual Languages (VL'00)},
	Date-Added = {2016-11-03 23:34:11 +0000},
	Date-Modified = {2016-11-03 23:37:05 +0000},
	Keywords = {Secondary Notation},
	Organization = {IEEE Computer Society},
	Pages = {165},
	Title = {Formal Comparisons of Program Modification},
	Year = {2000}}

@book{goodman-1976,
	Author = {Nelson Goodman},
	Date-Added = {2016-11-03 23:15:12 +0000},
	Date-Modified = {2016-11-03 23:21:57 +0000},
	Keywords = {Secondary Notation},
	Publisher = {Hacket Publishing Co.},
	Title = {Languages of Art},
	Year = {1976}}

@book{shu-1988,
	Address = {New York, NY, USA},
	Annote = {cited as wrong by petre 1995},
	Date-Added = {2016-11-03 21:32:39 +0000},
	Date-Modified = {2016-11-03 22:03:13 +0000},
	Editor = {N.C. Shu},
	Keywords = {Secondary Notation},
	Publisher = {Van Nostrand Reinhold Co.},
	Title = {Visual Programming},
	Year = {1988}}

@inproceedings{raymond-1991,
	Author = {Darrell R. Raymond},
	Booktitle = {Proc. 1991 IEEE Workshop on Visual Languages},
	Date-Added = {2016-11-03 17:27:33 +0000},
	Date-Modified = {2016-11-03 17:30:50 +0000},
	Keywords = {Secondary Notation},
	Pages = {176-182},
	Publisher = {Society Press},
	Title = {Characterizing Visual Languages},
	Year = {1991}}

@article{papert-1996,
	Annote = {http://www.papert.org/articles/AnExplorationintheSpaceofMathematicsEducations.html

First use of term ``computational thinking'' was in Mindstorms, without elaboration. It is elaborated here.},
	Author = {Seymour Papert},
	Date-Added = {2016-11-03 17:21:48 +0000},
	Date-Modified = {2016-11-03 17:22:53 +0000},
	Journal = {International Journal of Computers for Mathematical Learning},
	Keywords = {Computational Thinking},
	Number = {1},
	Pages = {95-123},
	Title = {An Exploration in the Space of Mathematics Educations},
	Volume = {1},
	Year = {1996}}

@article{blackwell-2001,
	Author = {Alan F. Blackwell and Kirsten N. Whitley and Judith Good and Marian Petre},
	Date-Added = {2016-11-03 16:30:20 +0000},
	Date-Modified = {2016-11-03 16:31:41 +0000},
	Journal = {Artificial Intelligence Review},
	Keywords = {Secondary Notation},
	Pages = {95-114},
	Title = {Cognitive Factors in Programming with Diagrams},
	Volume = {15},
	Year = {2001}}

@incollection{blackwell-2003,
	Address = {San Franscisco},
	Author = {Alan F. Blackwell and Thomas R.G. Green},
	Booktitle = {HCI Models, Theories, and Frameworks: Toward a Multidisciplinary Science},
	Date-Added = {2016-11-01 16:40:35 +0000},
	Date-Modified = {2016-11-03 16:29:38 +0000},
	Editor = {John M. Carroll},
	Keywords = {Secondary Notation},
	Pages = {103-134},
	Publisher = {Morgan Kaufmann},
	Title = {Notational Systems - the Cognitive Dimensions of Notations framework},
	Year = {2003}}

@article{petre-2006,
	Author = {Marian Petre},
	Date-Added = {2016-11-01 16:38:47 +0000},
	Date-Modified = {2016-11-03 16:30:07 +0000},
	Journal = {Journal of Visual Languages and Computing},
	Keywords = {Secondary Notation},
	Pages = {292-301},
	Title = {Cognitive dimensions 'beyond the notation'},
	Volume = {17},
	Year = {2006}}

@article{petre-1995,
	Author = {Marian Petre},
	Date-Added = {2016-10-25 17:12:21 +0000},
	Date-Modified = {2016-11-03 16:30:00 +0000},
	Journal = {Communications of the ACM},
	Keywords = {Secondary Notation},
	Number = {6},
	Pages = {33-34},
	Title = {Why looking isn't always seeing: readership skills and graphical programming},
	Volume = {38},
	Year = {1995}}
